@article{bender1998,
  author = {Bender, Carl M. and Boettcher, Stefan},
  title = {Real Spectra in Non-Hermitian Hamiltonians Having PT Symmetry},
  journal = {Phys. Rev. Lett.},
  volume = {80},
  number = {24},
  pages = {5243--5246},
  year = {1998}
}

@article{seiberg1999,
  author = {Seiberg, Nathan and Witten, Edward},
  title = {String Theory and Noncommutative Geometry},
  journal = {JHEP},
  volume = {1999},
  number = {09},
  pages = {032},
  year = {1999}
}

@article{mostafazadeh2002,
  author = {Mostafazadeh, Ali},
  title = {Pseudo-Hermiticity versus PT Symmetry},
  journal = {Journal of Mathematical Physics},
  volume = {43},
  number = {1},
  pages = {205--214},
  year = {2002}
}

@book{breuer2002,
  author = {Breuer, Heinz-Peter and Petruccione, Francesco},
  title = {The Theory of Open Quantum Systems},
  publisher = {Oxford University Press},
  year = {2002}
}

@book{nielsen2010,
  author = {Nielsen, Michael A. and Chuang, Isaac L.},
  title = {Quantum Computation and Quantum Information},
  edition = {10th Anniversary},
  publisher = {Cambridge University Press},
  year = {2010}
}

@incollection{wheeler1964,
  author = {Wheeler, John Archibald},
  title = {Geometrodynamics and the Issue of the Final State},
  booktitle = {Relativity, Groups and Topology},
  pages = {317--520},
  publisher = {Gordon and Breach},
  year = {1964}
}

@article{hawking1978,
  author = {Hawking, Stephen W.},
  title = {Space-time foam},
  journal = {Nuclear Physics B},
  volume = {144},
  number = {2-3},
  pages = {349--362},
  year = {1978}
}
